@misc{1_norton_1928,
author={Norton, Henry},
title={Gold Rush and Anti-Chinese Race Hatred - 1849},
url={http://www.sfmuseum.net/hist6/chinhate.html},
journal={Sfmuseum.net},
year={1928}
},
@misc{2_yang_2003,
author={Yang, Tim},
title={The Malleable Yet Undying Nature of the Yellow Peril},
url={http://www.dartmouth.edu/~hist32/History/S22 -The Malleable Yet Undying Nature of the Yellow Peril.htm},
journal={Dartmouth.edu},
year={2003}
},
@book{3_preston_1998,
author={Preston, P. W},
title={Pacific Asia in the global system},
place={Oxford, UK},
publisher={Blackwell},
year={1998}
},
@book{4_shimazu_1998,
author={Shimazu, Naoko},
title={Japan, race, and equality},
place={London},
publisher={Routledge},
year={1998}
},
@book{5_temperley_1924,
author={Temperley, Harold William Vazeille},
title={A history of the Peace Conference of Paris},
place={London},
publisher={Frowde [u.a.]},
year={1924}
},
@misc{6_the_economist_1997,
author={The Economist,},
title={Web site},
url={http://www.economist.com/node/109064},
year={1997}
},
@misc{7_hu_2005,
author={Hu, Ching-fen},
title={Taiwan's Geopolitics and Chiang Ching-Kuo's Decision to Democratize Taiwan},
url={http://web.stanford.edu/group/sjeaa/journal51/china2.pdf},
journal={Stanford},
year={2005}
},
@article{8_langguth_2003,
author={Langguth, Gerd},
title={Asian values revisited},
volume={1},
DOI={10.1007/s103080200005},
number={1},
journal={Asia Europe Journal},
year={2003},
pages={25-42}
},

@book{9_de_bary_1998,
author={De Bary, William Theodore},
title={Asian values and human rights},
place={Cambridge, Mass.},
publisher={Harvard University Press},
year={1998}
},
@book{10_barr_2003,
author={Barr, Michael D},
title={Cultural politics and Asian values},
place={London},
publisher={Routledge},
year={2003}
},
@book{11_janin_1999,
author={Janin, Hunt},
title={The India-China opium trade in the nineteenth century},
place={Jefferson, N.C.},
publisher={McFarland},
year={1999}
},

@article{12_kaufman_2010,
author={Kaufman, Alison Adcock},
title={The Century of Humiliation, Then and Now: Chinese Perceptions of the International Order},
volume={25},
DOI={10.1111/j.1976-5118.2010.01039.x},
number={1},
journal={Pacific Focus},
year={2010},
pages={1-33}
},

@book{13_hawks_2005,
author={Hawks, Francis L},
title={Commodore Perry and the opening of Japan},
place={Stroud},
publisher={Nonsuch},
year={2005}
},

@misc{14_kearny_1878,
author={Kearny, Dennis},
title={Our Misery and Despair},
url={http://historymatters.gmu.edu/d/5046/%7C},
journal={Historymatters.gmu.edu},
year={1878}
},

@article{15_weinberg_2009,
author={Weinberg, Carl},
title={The 'Gentlemen's Agreement' of 1907-08},
number={23},
journal={OAH Magazine of History},
year={2009},
pages={36}
},

@article{16_drea_lafeber_1998,
author={Drea, Edward J. and LaFeber, Walter},
title={The Clash: U.S.-Japanese Relations throughout History},
volume={62},
DOI={10.2307/120205},
number={4},
journal={The Journal of Military History},
year={1998},
pages={924}
},

@book{17_de_bary_2008,
author={De Bary, William Theodore},
title={Sources of East Asian tradition},
place={New York},
publisher={Columbia University Press},
year={2008}
},

@book{18_fenby_2004,
author={Fenby, Jonathan},
title={Chiang Kai shek},
place={New York},
publisher={Carroll \& Graf},
year={2004}
}
@book{ross2001re,
title={Re-examining the cold war: US-China diplomacy, 1954-1973},
author={Ross, Robert S and Jiang, Changbin},
volume={203},
year={2001},
publisher={Harvard Univ Asia Center}
}
@book{stueck1997korean,
title={The Korean War: an international history},
author={Stueck, William},
year={1997},
publisher={Princeton University Press}
}
